
@article{yeung2017hypernudge,
  title={‘Hypernudge’: Big Data as a mode of regulation by design},
  author={Yeung, Karen},
  journal={Information, Communication \& Society},
  volume={20},
  number={1},
  pages={118--136},
  year={2017},
  publisher={Taylor \& Francis}
}
@book{stein1996without,
  title={Without good reason: The rationality debate in philosophy and cognitive science},
  author={Stein, Edward},
  year={1996},
  publisher={Clarendon Press}
}
@incollection{kahneman2013prospect,
  title={Prospect theory: An analysis of decision under risk},
  author={Kahneman, Daniel and Tversky, Amos},
  booktitle={Handbook of the fundamentals of financial decision making: Part I},
  pages={99--127},
  year={2013},
  publisher={World Scientific}
}
@book{todd2012ecological,
  title={Ecological rationality: Intelligence in the world},
  author={Todd, Peter M and Gigerenzer, Gerd},
  year={2012},
  publisher={OUP USA}
}
@article{degroot1974reaching,
  title={Reaching a consensus},
  author={DeGroot, Morris H},
  journal={Journal of the American Statistical Association},
  volume={69},
  number={345},
  pages={118--121},
  year={1974},
  publisher={Taylor \& Francis Group}
}